<?xml version="1.0" encoding="UTF-8"?><collection xmlns="http://www.loc.gov/MARC21/slim"><record><leader>00387nam--2200157-i-4500</leader><controlfield tag="001">000026555</controlfield><controlfield tag="002">20161230</controlfield><controlfield tag="005">20161230201036</controlfield><controlfield tag="008">060222s1000------------r-----000-0-eng-d</controlfield><datafield ind1=" " ind2=" " tag="040"><subfield code="a">IFIN-HH</subfield></datafield><datafield ind1="1" ind2=" " tag="100"><subfield code="a">Kibble, T.W.B</subfield></datafield><datafield ind1="1" ind2="0" tag="245"><subfield code="a">Classical mechanics</subfield><subfield code="c">T.W.B. Kibble</subfield></datafield><datafield ind1=" " ind2=" " tag="260"><subfield code="a">London, Mc. Graw-hill, 1966</subfield></datafield><datafield ind1=" " ind2=" " tag="300"><subfield code="a">XV+296P</subfield></datafield><datafield ind1=" " ind2=" " tag="852"><subfield code="a">24204</subfield><subfield code="c">531</subfield></datafield><datafield ind1=" " ind2=" " tag="CAT"><subfield code="a">Sys</subfield><subfield code="c">20100623</subfield><subfield code="h">095117</subfield></datafield></record></collection>